<?xml version="1.0" encoding="UTF-8"?><collection xmlns="http://www.loc.gov/MARC21/slim"><record><leader>00646nam--2200193-i-4500</leader><controlfield tag="001">000014144</controlfield><controlfield tag="002">20161230</controlfield><controlfield tag="005">20161230201030</controlfield><controlfield tag="008">060222s1000------------r-----000-0-eng-d</controlfield><datafield ind1=" " ind2=" " tag="040"><subfield code="a">IFIN-HH</subfield></datafield><datafield ind1=" " ind2=" " tag="080"><subfield code="a">532.5(061.3)</subfield></datafield><datafield ind1="1" ind2=" " tag="100"><subfield code="a">Chow, P.L</subfield></datafield><datafield ind1=" " ind2=" " tag="245"><subfield code="a">Multiple scattering and waves in random madia</subfield><subfield code="b">Proceedings of the u.s. army workshop held in blacksburg. virginia, 24-26 march, 1980</subfield><subfield code="c">P.L. Chow, W.E. Kohler, G.C. Papanicolaou (Eds.)</subfield></datafield><datafield ind1=" " ind2=" " tag="260"><subfield code="a">Amsterdam, North-holland Publishing Company, 1981</subfield></datafield><datafield ind1=" " ind2=" " tag="300"><subfield code="a">X + 286 P</subfield></datafield><datafield ind1=" " ind2=" " tag="490"><subfield code="a">Proceedings</subfield></datafield><datafield ind1="1" ind2=" " tag="700"><subfield code="a">Papanicolaou, G.C</subfield></datafield><datafield ind1=" " ind2=" " tag="852"><subfield code="a">70138</subfield><subfield code="c">532</subfield></datafield><datafield ind1=" " ind2=" " tag="CAT"><subfield code="a">Sys</subfield><subfield code="c">20100722</subfield><subfield code="h">142323</subfield></datafield></record></collection>